<?xml version="1.0" encoding="UTF-8"?><collection xmlns="http://www.loc.gov/MARC21/slim"><record><leader>00373nam--2200121-i-4500</leader><controlfield tag="001">000008238</controlfield><controlfield tag="002">20161230</controlfield><controlfield tag="005">20161230201027</controlfield><controlfield tag="008">060222s1000------------r-----000-0-eng-d</controlfield><datafield ind1=" " ind2=" " tag="020"><subfield code="a">COLLECTION SECURITE</subfield></datafield><datafield ind1=" " ind2=" " tag="245"><subfield code="a">Collection securite</subfield></datafield><datafield ind1=" " ind2=" " tag="260"><subfield code="a">(Safety Series) No.19: Gestion Des Deshets Radioactifs Produits Par</subfield></datafield><datafield ind1=" " ind2=" " tag="490"><subfield code="a">Es Utilisateurs De Radioisotopes. Additif Technique</subfield></datafield></record></collection>